@article{bortnikov2009brahms,
  title={Brahms: Byzantine resilient random membership sampling},
  author={Bortnikov, Edward and Gurevich, Maxim and Keidar, Idit and Kliot, Gabriel and Shraer, Alexander},
  journal={Computer Networks},
  volume={53},
  number={13},
  pages={2340--2359},
  year={2009},
  publisher={Elsevier}
}

@article{manevich2019endorsement,
  title={Endorsement in Hyperledger Fabric via service discovery},
  author={Manevich, Yacov and Barger, Artem and Tock, Yoav},
  journal={IBM Journal of Research and Development},
  volume={63},
  number={2/3},
  __pages={2--1},
  year={2019},
  publisher={IBM}
}

@article{ganesh2003peer,
  title={Peer-to-peer membership management for gossip-based protocols},
  author={Ganesh, Ayalvadi J and Kermarrec, A-M and Massouli{\'e}, Laurent},
  journal={IEEE transactions on computers},
  volume={52},
  number={2},
  pages={139--149},
  year={2003},
  publisher={IEEE}
}

@inproceedings{farmer2021decentralized,
  title={Decentralized identifiers for peer-to-peer service discovery},
  author={Farmer, Carson and Pick, Sander and Hill, Andrew},
  booktitle={IFIP Networking Conference},
  __pages={1--6},
  year={2021},
  __organization={IEEE}
}

@inproceedings{kiffer2021under,
  title={Under the Hood of the Ethereum Gossip Protocol},
  author={Kiffer, Lucianna and Salman, Asad and Levin, Dave and Mislove, Alan and Nita-Rotaru, Cristina},
  booktitle={International Conference on Financial Cryptography and Data Security},
  series={FC},
  year={2021}
}

@article{wang2021ethna,
  title={Ethna: Analyzing the Underlying Peer-to-Peer Network of Ethereum Blockchain},
  author={Wang, Taotao and Zhao, Chonghe and Yang, Qing and Zhang, Shengli and Liew, Soung Chang},
  journal={IEEE Transactions on Network Science and Engineering},
  year={2021},
  __publisher={IEEE}
}

@inproceedings{keizer2021flock,
  title={FLOCK: Fast, Lightweight, and Scalable Allocation for Decentralized Services on Blockchain},
  author={Keizer, Navin V and Ascigil, Onur and Psaras, Ioannis and Pavlou, George},
  booktitle={International Conference on Blockchain and Cryptocurrency},
  series={ICBC},
  __pages={1--9},
  year={2021},
  organization={IEEE}
}

@inproceedings{baldoni2007tera,
  title={{TERA}: topic-based event routing for peer-to-peer architectures},
  author={Baldoni, Roberto and Beraldi, Roberto and Quema, Vivien and Querzoni, Leonardo and Tucci-Piergiovanni, Sara},
  booktitle={Inaugural international conference on Distributed event-based systems},
  series={DEBS},
  __pages={2--13},
  year={2007}
}

@inproceedings{henningsen2019eclipsing,
  title={Eclipsing Ethereum Peers with False Friends},
  author={Henningsen, Sebastian and Teunis, Daniel and Florian, Martin and Scheuermann, Bj{\"o}rn},
  booktitle={2019 IEEE European Symposium on Security and Privacy Workshops (EuroS\&PW)},
  pages={300--309},
  year={2019},
  organization={IEEE}
}

@techreport{wust2016ethereum,
  title={Ethereum eclipse attacks},
  author={W{\"u}st, Karl and Gervais, Arthur},
  year={2016},
  institution={ETH Zurich}
}

@article{marcus2018low,
  title={Low-Resource Eclipse Attacks on Ethereum's Peer-to-Peer Network.},
  author={Marcus, Yuval and Heilman, Ethan and Goldberg, Sharon},
  journal={IACR Cryptology ePrint Archive},
  volume={2018},
  number={236},
  year={2018}
}

@inproceedings{danezis2005sybil,
  title={Sybil-resistant DHT routing},
  author={Danezis, George and Lesniewski-Laas, Chris and Kaashoek, M Frans and Anderson, Ross},
  booktitle={European Symposium On Research In Computer Security},
  pages={305--318},
  year={2005},
  organization={Springer}
}

@article{lesniewski2010whanau,
  title={Whanau: A sybil-proof distributed hash table},
  author={Lesniewski-Laas, Christopher and Kaashoek, M Frans},
  year={2010},
  publisher={USENIX Association}
}

@inproceedings{danezis2009sybilinfer,
  title={Sybilinfer: Detecting sybil nodes using social networks.},
  author={Danezis, George and Mittal, Prateek},
  booktitle={NDSS},
  pages={1--15},
  year={2009},
  organization={San Diego, CA}
}

@inproceedings{al2014design,
  title={Design and evaluation of Persea, a Sybil-resistant DHT},
  author={Al-Ameen, Mahdi Nasrullah and Wright, Matthew},
  booktitle={Proceedings of the 9th ACM symposium on Information, computer and communications security},
  pages={75--86},
  year={2014}
}

@inproceedings{dinger2006defending,
  title={Defending the sybil attack in p2p networks: Taxonomy, challenges, and a proposal for self-registration},
  author={Dinger, Jochen and Hartenstein, Hannes},
  booktitle={First International Conference on Availability, Reliability and Security (ARES'06)},
  pages={8--pp},
  year={2006},
  organization={IEEE}
}

@inproceedings{al2013persea,
  title={Persea: a sybil-resistant social dht},
  author={Al-Ameen, Mahdi N and Wright, Matthew},
  booktitle={Proceedings of the third ACM conference on Data and application security and privacy},
  pages={169--172},
  year={2013}
}

@inproceedings{jetter2010quantitative,
  title={Quantitative analysis of the sybil attack and effective sybil resistance in peer-to-peer systems},
  author={Jetter, Oliver and Dinger, Jochen and Hartenstein, Hannes},
  booktitle={2010 IEEE International Conference on Communications},
  pages={1--6},
  year={2010},
  organization={IEEE}
}

@inproceedings{lesniewski2008sybil,
  title={A Sybil-proof one-hop DHT},
  author={Lesniewski-Laas, Chris},
  booktitle={Proceedings of the 1st workshop on Social network systems},
  pages={19--24},
  year={2008}
}

@inproceedings{cholez2010efficient,
  title={Efficient DHT attack mitigation through peers' ID distribution},
  author={Cholez, Thibault and Chrisment, Isabelle and Festor, Olivier},
  booktitle={2010 IEEE International Symposium on Parallel \& Distributed Processing, Workshops and Phd Forum (IPDPSW)},
  pages={1--8},
  year={2010},
  organization={IEEE}
}

@inproceedings{freedman2003sloppy,
  title={Sloppy hashing and self-organizing clusters},
  author={Freedman, Michael J and Mazieres, David},
  booktitle={International Workshop on Peer-to-Peer Systems},
  pages={45--55},
  year={2003},
  organization={Springer}
}

@inproceedings{p2p09-peersim,
  author = {Alberto Montresor and M\'{a}rk Jelasity},
  title = {{PeerSim}: A Scalable {P2P} Simulator},
  booktitle = {Proc. of the 9th Int. Conference on Peer-to-Peer (P2P'09)},
}

@article{pecori2016s,
  title={S-Kademlia: A trust and reputation method to mitigate a Sybil attack in Kademlia},
  author={Pecori, Riccardo},
  journal={Computer Networks},
  volume={94},
  pages={205--218},
  year={2016},
  publisher={Elsevier}
}
@article{dan2012centralized,
  title={Centralized and distributed protocols for tracker-based dynamic swarm management},
  author={D{\'a}n, Gy{\"o}rgy and Carlsson, Niklas},
  journal={IEEE/ACM Transactions on Networking},
  volume={21},
  number={1},
  pages={297--310},
  year={2012},
  publisher={IEEE}
}

@inproceedings{teranishi2018supporting,
  title={Supporting k-nearest service discoveries for large-scale edge computing environments},
  author={Teranishi, Yuuichi and Kimata, Takashi and Yamanaka, Hiroaki and Kawai, Eiji and Harai, Hiroaki},
  booktitle={2018 IEEE Global Communications Conference (GLOBECOM)},
  pages={1--7},
  year={2018},
  organization={IEEE}
}

@misc{go-ethereum,
 organization={Ethereum},
 title={Official Go implementation of the Ethereum protocol.  \url{https://github.com/ethereum/go-ethereum}},
 url={https://github.com/ethereum/go-ethereum}
}

@misc{bloomberg,
organization={Bloomberg},
title={Ethereum Becoming More Than Crypto Coder Darling, Grayscale Says. \url{https://www.bloomberg.com/news/articles/2020-12-04/ethereum-becoming-more-than-crypto-coder-darling-grayscale-says}},
url={https://www.bloomberg.com/news/articles/2020-12-04/ethereum-becoming-more-than-crypto-coder-darling-grayscale-says},
}

@misc{geth,
organization={Go Ethereum},
title={Go Ethereum. Official Go implementation of the Ethereum protocol. \url{https://geth.ethereum.org/}},
url={https://geth.ethereum.org/},
}

@inproceedings{maymounkov2002kademlia,
  title={Kademlia: A peer-to-peer information system based on the xor metric},
  author={Maymounkov, Petar and Mazieres, David},
  booktitle={International Workshop on Peer-to-Peer Systems},
  pages={53--65},
  year={2002},
  organization={Springer}
}

@inproceedings{kim2018measuring,
  title={Measuring ethereum network peers},
  author={Kim, Seoung Kyun and Ma, Zane and Murali, Siddharth and Mason, Joshua and Miller, Andrew and Bailey, Michael},
  booktitle={Proceedings of the Internet Measurement Conference 2018},
  pages={91--104},
  year={2018}
}

@article{gervais2014bitcoin,
  title={Is bitcoin a decentralized currency?},
  author={Gervais, Arthur and Karame, Ghassan O and Capkun, Vedran and Capkun, Srdjan},
  journal={IEEE security \& privacy},
  volume={12},
  number={3},
  pages={54--60},
  year={2014},
  publisher={IEEE}
}

@inproceedings{stubborn,
author = {Nayak, Kartik and Kumar, Srijan and Miller, Andrew and Shi, Elaine},
year = {2016},
month = {03},
pages = {305-320},
title = {Stubborn Mining: Generalizing Selfish Mining and Combining with an Eclipse Attack},
doi = {10.1109/EuroSP.2016.32}
}

@InProceedings{poldercast,
title="PolderCast: Fast, Robust, and Scalable Architecture for P2P Topic-Based Pub/Sub",
booktitle="Middleware 2012",
year="2012",
publisher="Springer Berlin Heidelberg",
address="Berlin, Heidelberg",
pages="271--291",
isbn="978-3-642-35170-9"
}

@article{chord4s,
author = {He, Qiang and Yan, Jun and Yang, Yuanyuan and Kowalczyk, Ryszard and Jin, Hai},
year = {2013},
month = {01},
pages = {1 - 1},
title = {A Decentralized Service Discovery Approach on Peer-to-Peer Network},
volume = {6},
journal = {Services Computing, IEEE Transactions on},
doi = {10.1109/TSC.2011.31}
}

@article{banno2015,
  title={Designing Overlay Networks for Handling Exhaust Data in a Distributed Topic-based Pub/Sub Architecture},
  author={Ryohei Banno and Susumu Takeuchi and Michiharu Takemoto and Tetsuo Kawano and Takashi Kambayashi and Masato Matsuo},
  journal={Journal of Information Processing},
  volume={23},
  number={2},
  pages={105-116},
  year={2015},
  doi={10.2197/ipsjjip.23.105}
}

@ARTICLE{scribe,
  author={Castro, M. and Druschel, P. and Kermarrec, A.-M. and Rowstron, A.I.T.},
  journal={IEEE Journal on Selected Areas in Communications}, 
  title={Scribe: a large-scale and decentralized application-level multicast infrastructure}, 
  year={2002},
  volume={20},
  number={8},
  pages={1489-1499},
  doi={10.1109/JSAC.2002.803069}}
  
  @INPROCEEDINGS{skad,
  author={Baumgart, Ingmar and Mies, Sebastian},
  booktitle={2007 International Conference on Parallel and Distributed Systems}, 
  title={S/Kademlia: A practicable approach towards secure key-based routing}, 
  year={2007},
  volume={},
  number={},
  pages={1-8},
  doi={10.1109/ICPADS.2007.4447808}}
  
  
  @article{gossipsub,
  author    = {Dimitris Vyzovitis and
               Yusef Napora and
               Dirk McCormick and
               David Dias and
               Yiannis Psaras},
  title     = {GossipSub: Attack-Resilient Message Propagation in the Filecoin and
               {ETH2.0} Networks},
  journal   = {CoRR},
  volume    = {abs/2007.02754},
  year      = {2020},
  url       = {https://arxiv.org/abs/2007.02754},
  archivePrefix = {arXiv},
  eprint    = {2007.02754},
  timestamp = {Sat, 18 Jul 2020 18:41:07 +0200},
  biburl    = {https://dblp.org/rec/journals/corr/abs-2007-02754.bib},
  bibsource = {dblp computer science bibliography, https://dblp.org}
}

@article{buterin2013ethereum,
  title={Ethereum white paper},
  author={Buterin, Vitalik and others},
  journal={GitHub repository},
  volume={1},
  pages={22--23},
  year={2013}
}